@ARTICLE{carlson2014aeohmcm,
author = {Trevor E. Carlson and Wim Heirman and Stijn Eyerman and Ibrahim Hurand Lieven Eeckhout},
title = {An Evaluation of High-Level Mechanistic Core Models},
journal = {ACM Transactions on Architecture and Code Optimization (TACO)},
year = {2014},
address = {New York, NY, USA},
articleno = {5},
doi = {10.1145/2629677},
issn = {1544-3566},
issue_date = {April 2014},
numpages = {23},
publisher = {ACM}
}
@ARTICLE{fastpath,
author = {Jimenez, D.A.},
year = {2004},
month = {01},
pages = {243- 252},
title = {Fast path-based neural branch prediction},
isbn = {0-7695-2043-X},
doi = {10.1109/MICRO.2003.1253199}
}
